%YAML 1.1
%TAG !u! tag:unity3d.com,2011:
--- !u!1 &4077102646606624016
GameObject:
  m_ObjectHideFlags: 0
  m_CorrespondingSourceObject: {fileID: 0}
  m_PrefabInstance: {fileID: 0}
  m_PrefabAsset: {fileID: 0}
  serializedVersion: 6
  m_Component:
  - component: {fileID: 7483870549029349448}
  - component: {fileID: 4077102646606624015}
  m_Layer: 5
  m_Name: UI_Abyss
  m_TagString: Untagged
  m_Icon: {fileID: 0}
  m_NavMeshLayer: 0
  m_StaticEditorFlags: 0
  m_IsActive: 1
--- !u!4 &7483870549029349448
Transform:
  m_ObjectHideFlags: 0
  m_CorrespondingSourceObject: {fileID: 0}
  m_PrefabInstance: {fileID: 0}
  m_PrefabAsset: {fileID: 0}
  m_GameObject: {fileID: 4077102646606624016}
  m_LocalRotation: {x: 0, y: 0, z: 0, w: 1}
  m_LocalPosition: {x: 376, y: 211.5, z: 0}
  m_LocalScale: {x: 1, y: 1, z: 1}
  m_Children:
  - {fileID: 4721943982225116225}
  - {fileID: 5269355344262713893}
  m_Father: {fileID: 0}
  m_RootOrder: 0
  m_LocalEulerAnglesHint: {x: 0, y: 0, z: 0}
--- !u!114 &4077102646606624015
MonoBehaviour:
  m_ObjectHideFlags: 0
  m_CorrespondingSourceObject: {fileID: 0}
  m_PrefabInstance: {fileID: 0}
  m_PrefabAsset: {fileID: 0}
  m_GameObject: {fileID: 4077102646606624016}
  m_Enabled: 1
  m_EditorHideFlags: 0
  m_Script: {fileID: 11500000, guid: 4863509787df2584aa3b87d0296e75aa, type: 3}
  m_Name: 
  m_EditorClassIdentifier: 
  giantStatus: {fileID: 11400000, guid: 06ab4f7a31d7cb841b3b17b6f1f0b7c6, type: 2}
  playerStatus: {fileID: 11400000, guid: b43b82803108fb946a27c6ed6998e165, type: 2}
  statusWaveSystem: {fileID: 11400000, guid: 21487a1e812735b47ad6f21e12464007, type: 2}
--- !u!1001 &2032715903529580785
PrefabInstance:
  m_ObjectHideFlags: 0
  serializedVersion: 2
  m_Modification:
    m_TransformParent: {fileID: 7483870549029349448}
    m_Modifications:
    - target: {fileID: 1137491408287702300, guid: f164fffcbbde2fb4d931f375470d52a6,
        type: 3}
      propertyPath: m_AnchoredPosition.x
      value: -5.875
      objectReference: {fileID: 0}
    - target: {fileID: 1137491408943768880, guid: f164fffcbbde2fb4d931f375470d52a6,
        type: 3}
      propertyPath: m_AnchoredPosition.y
      value: 50
      objectReference: {fileID: 0}
    - target: {fileID: 1137491409340044403, guid: f164fffcbbde2fb4d931f375470d52a6,
        type: 3}
      propertyPath: m_AnchoredPosition.x
      value: 13.421387
      objectReference: {fileID: 0}
    - target: {fileID: 5511934939838943417, guid: f164fffcbbde2fb4d931f375470d52a6,
        type: 3}
      propertyPath: m_Name
      value: Down_UI
      objectReference: {fileID: 0}
    - target: {fileID: 6751493222036976816, guid: f164fffcbbde2fb4d931f375470d52a6,
        type: 3}
      propertyPath: m_LocalPosition.x
      value: 0
      objectReference: {fileID: 0}
    - target: {fileID: 6751493222036976816, guid: f164fffcbbde2fb4d931f375470d52a6,
        type: 3}
      propertyPath: m_LocalPosition.y
      value: 0
      objectReference: {fileID: 0}
    - target: {fileID: 6751493222036976816, guid: f164fffcbbde2fb4d931f375470d52a6,
        type: 3}
      propertyPath: m_LocalPosition.z
      value: 0
      objectReference: {fileID: 0}
    - target: {fileID: 6751493222036976816, guid: f164fffcbbde2fb4d931f375470d52a6,
        type: 3}
      propertyPath: m_LocalRotation.x
      value: 0
      objectReference: {fileID: 0}
    - target: {fileID: 6751493222036976816, guid: f164fffcbbde2fb4d931f375470d52a6,
        type: 3}
      propertyPath: m_LocalRotation.y
      value: 0
      objectReference: {fileID: 0}
    - target: {fileID: 6751493222036976816, guid: f164fffcbbde2fb4d931f375470d52a6,
        type: 3}
      propertyPath: m_LocalRotation.z
      value: 0
      objectReference: {fileID: 0}
    - target: {fileID: 6751493222036976816, guid: f164fffcbbde2fb4d931f375470d52a6,
        type: 3}
      propertyPath: m_LocalRotation.w
      value: 1
      objectReference: {fileID: 0}
    - target: {fileID: 6751493222036976816, guid: f164fffcbbde2fb4d931f375470d52a6,
        type: 3}
      propertyPath: m_RootOrder
      value: 0
      objectReference: {fileID: 0}
    - target: {fileID: 6751493222036976816, guid: f164fffcbbde2fb4d931f375470d52a6,
        type: 3}
      propertyPath: m_LocalEulerAnglesHint.x
      value: 0
      objectReference: {fileID: 0}
    - target: {fileID: 6751493222036976816, guid: f164fffcbbde2fb4d931f375470d52a6,
        type: 3}
      propertyPath: m_LocalEulerAnglesHint.y
      value: 0
      objectReference: {fileID: 0}
    - target: {fileID: 6751493222036976816, guid: f164fffcbbde2fb4d931f375470d52a6,
        type: 3}
      propertyPath: m_LocalEulerAnglesHint.z
      value: 0
      objectReference: {fileID: 0}
    - target: {fileID: 6751493222036976816, guid: f164fffcbbde2fb4d931f375470d52a6,
        type: 3}
      propertyPath: m_AnchoredPosition.x
      value: 0
      objectReference: {fileID: 0}
    - target: {fileID: 6751493222036976816, guid: f164fffcbbde2fb4d931f375470d52a6,
        type: 3}
      propertyPath: m_AnchoredPosition.y
      value: 0
      objectReference: {fileID: 0}
    - target: {fileID: 6751493222036976816, guid: f164fffcbbde2fb4d931f375470d52a6,
        type: 3}
      propertyPath: m_SizeDelta.x
      value: 0
      objectReference: {fileID: 0}
    - target: {fileID: 6751493222036976816, guid: f164fffcbbde2fb4d931f375470d52a6,
        type: 3}
      propertyPath: m_SizeDelta.y
      value: 0
      objectReference: {fileID: 0}
    - target: {fileID: 6751493222036976816, guid: f164fffcbbde2fb4d931f375470d52a6,
        type: 3}
      propertyPath: m_AnchorMin.x
      value: 0
      objectReference: {fileID: 0}
    - target: {fileID: 6751493222036976816, guid: f164fffcbbde2fb4d931f375470d52a6,
        type: 3}
      propertyPath: m_AnchorMin.y
      value: 0
      objectReference: {fileID: 0}
    - target: {fileID: 6751493222036976816, guid: f164fffcbbde2fb4d931f375470d52a6,
        type: 3}
      propertyPath: m_AnchorMax.x
      value: 0
      objectReference: {fileID: 0}
    - target: {fileID: 6751493222036976816, guid: f164fffcbbde2fb4d931f375470d52a6,
        type: 3}
      propertyPath: m_AnchorMax.y
      value: 0
      objectReference: {fileID: 0}
    - target: {fileID: 6751493222036976816, guid: f164fffcbbde2fb4d931f375470d52a6,
        type: 3}
      propertyPath: m_Pivot.x
      value: 0
      objectReference: {fileID: 0}
    - target: {fileID: 6751493222036976816, guid: f164fffcbbde2fb4d931f375470d52a6,
        type: 3}
      propertyPath: m_Pivot.y
      value: 0
      objectReference: {fileID: 0}
    - target: {fileID: 7680453990908297557, guid: f164fffcbbde2fb4d931f375470d52a6,
        type: 3}
      propertyPath: m_SortingLayerID
      value: -620826605
      objectReference: {fileID: 0}
    m_RemovedComponents: []
  m_SourcePrefab: {fileID: 100100000, guid: f164fffcbbde2fb4d931f375470d52a6, type: 3}
--- !u!224 &4721943982225116225 stripped
RectTransform:
  m_CorrespondingSourceObject: {fileID: 6751493222036976816, guid: f164fffcbbde2fb4d931f375470d52a6,
    type: 3}
  m_PrefabInstance: {fileID: 2032715903529580785}
  m_PrefabAsset: {fileID: 0}
--- !u!1001 &6436458858319258106
PrefabInstance:
  m_ObjectHideFlags: 0
  serializedVersion: 2
  m_Modification:
    m_TransformParent: {fileID: 7483870549029349448}
    m_Modifications:
    - target: {fileID: -4964904503984425266, guid: cc0582046b17aca498533bb25f1de2ae,
        type: 3}
      propertyPath: m_LocalPosition.x
      value: 0
      objectReference: {fileID: 0}
    - target: {fileID: -4964904503984425266, guid: cc0582046b17aca498533bb25f1de2ae,
        type: 3}
      propertyPath: m_LocalPosition.y
      value: 0
      objectReference: {fileID: 0}
    - target: {fileID: -4964904503984425266, guid: cc0582046b17aca498533bb25f1de2ae,
        type: 3}
      propertyPath: m_LocalPosition.z
      value: 0
      objectReference: {fileID: 0}
    - target: {fileID: -4964904503984425266, guid: cc0582046b17aca498533bb25f1de2ae,
        type: 3}
      propertyPath: m_LocalRotation.x
      value: 0
      objectReference: {fileID: 0}
    - target: {fileID: -4964904503984425266, guid: cc0582046b17aca498533bb25f1de2ae,
        type: 3}
      propertyPath: m_LocalRotation.y
      value: 0
      objectReference: {fileID: 0}
    - target: {fileID: -4964904503984425266, guid: cc0582046b17aca498533bb25f1de2ae,
        type: 3}
      propertyPath: m_LocalRotation.z
      value: 0
      objectReference: {fileID: 0}
    - target: {fileID: -4964904503984425266, guid: cc0582046b17aca498533bb25f1de2ae,
        type: 3}
      propertyPath: m_LocalRotation.w
      value: 1
      objectReference: {fileID: 0}
    - target: {fileID: -4964904503984425266, guid: cc0582046b17aca498533bb25f1de2ae,
        type: 3}
      propertyPath: m_RootOrder
      value: 1
      objectReference: {fileID: 0}
    - target: {fileID: -4964904503984425266, guid: cc0582046b17aca498533bb25f1de2ae,
        type: 3}
      propertyPath: m_LocalEulerAnglesHint.x
      value: 0
      objectReference: {fileID: 0}
    - target: {fileID: -4964904503984425266, guid: cc0582046b17aca498533bb25f1de2ae,
        type: 3}
      propertyPath: m_LocalEulerAnglesHint.y
      value: 0
      objectReference: {fileID: 0}
    - target: {fileID: -4964904503984425266, guid: cc0582046b17aca498533bb25f1de2ae,
        type: 3}
      propertyPath: m_LocalEulerAnglesHint.z
      value: 0
      objectReference: {fileID: 0}
    - target: {fileID: 1185123995383296991, guid: cc0582046b17aca498533bb25f1de2ae,
        type: 3}
      propertyPath: m_RootOrder
      value: 1
      objectReference: {fileID: 0}
    - target: {fileID: 7931838603264371307, guid: cc0582046b17aca498533bb25f1de2ae,
        type: 3}
      propertyPath: m_Name
      value: UI_Sanctuary
      objectReference: {fileID: 0}
    m_RemovedComponents: []
  m_SourcePrefab: {fileID: 100100000, guid: cc0582046b17aca498533bb25f1de2ae, type: 3}
--- !u!4 &5269355344262713893 stripped
Transform:
  m_CorrespondingSourceObject: {fileID: 1185123995383296991, guid: cc0582046b17aca498533bb25f1de2ae,
    type: 3}
  m_PrefabInstance: {fileID: 6436458858319258106}
  m_PrefabAsset: {fileID: 0}
